<record xmlns="http://www.openarchives.org/OAI/2.0/" xmlns:xsi="http://www.w3.org/2001/XMLSchema-instance"><header><identifier>oai:alma.34CSIC_INST:990013532670204201</identifier><datestamp>2020-03-13T08:21:41Z</datestamp><setSpec>manuscripta</setSpec></header><metadata><record xmlns="http://www.loc.gov/MARC21/slim" xmlns:xsi="http://www.w3.org/2001/XMLSchema-instance" xsi:schemaLocation="http://www.loc.gov/MARC21/slim http://www.loc.gov/standards/marcxml/schema/MARC21slim.xsd"><leader>04343ntm a2200661 i 4500</leader><controlfield tag="005">20200312133744.0</controlfield><controlfield tag="008">101008sn                     000 0 ara d</controlfield><controlfield tag="001">990013532670204201</controlfield><datafield tag="035" ind1=" " ind2=" "><subfield code="a">CSIC001353267</subfield></datafield><datafield tag="035" ind1=" " ind2=" "><subfield code="a">(ES-MaCSI)001353267MAD01-Aleph</subfield></datafield><datafield tag="040" ind1=" " ind2=" "><subfield code="a">ES-MaCSI</subfield><subfield code="b">spa</subfield></datafield><datafield tag="245" ind1="1" ind2="0"><subfield code="a">مجموعة مؤلفات في الفقه وعلم الأحكام‭</subfield><subfield code="h">[‭Manuscrito]</subfield></datafield><datafield tag="260" ind1=" " ind2=" "><subfield code="c">[S. f.].</subfield></datafield><datafield tag="300" ind1=" " ind2=" "><subfield code="a">9 f. ;</subfield><subfield code="c">19,5 x 15 cm (caja: 12,5 x 10 cm).</subfield></datafield><datafield tag="490" ind1="1" ind2=" "><subfield code="a">Manuscripta</subfield></datafield><datafield tag="546" ind1=" " ind2=" "><subfield code="a">Arabe</subfield><subfield code="b">Escritura magrebí</subfield></datafield><datafield tag="500" ind1=" " ind2=" "><subfield code="a">Título transliterado: Maŷmūʽat muʼallafāt fī l-fiqh wa ʽilm al-aḥkām</subfield></datafield><datafield tag="500" ind1=" " ind2=" "><subfield code="a">Título facticio</subfield></datafield><datafield tag="500" ind1=" " ind2=" "><subfield code="a">Distribución: 1 col. La mayor parte del volumen tiene 17 líneas por página.</subfield></datafield><datafield tag="500" ind1=" " ind2=" "><subfield code="a">Material: Papel</subfield></datafield><datafield tag="500" ind1=" " ind2=" "><subfield code="a">Tinta: Negra y roja</subfield></datafield><datafield tag="500" ind1=" " ind2=" "><subfield code="a">Características especiales: Texto sin vocalizar</subfield></datafield><datafield tag="500" ind1=" " ind2=" "><subfield code="a">Ilustración: No</subfield></datafield><datafield tag="500" ind1=" " ind2=" "><subfield code="a">Ilustraciones: Los epígrafes al igual que algunas palabras del texto aparecen en tinta roja.</subfield></datafield><datafield tag="500" ind1=" " ind2=" "><subfield code="a">Tipo de cuaderno: 1 cuad.: 1 ternión, más 3 folios sueltos</subfield></datafield><datafield tag="500" ind1=" " ind2=" "><subfield code="a">Deterioros: Galerías, arrugas, pliegues y manchas de humedad que afectan a todos los folios, además de la rotura de algunos folios, el texto se lee con bastante dificultad en algunos folios debido a las manchas de humedad.</subfield></datafield><datafield tag="500" ind1=" " ind2=" "><subfield code="a">H en blanco: No</subfield></datafield><datafield tag="500" ind1=" " ind2=" "><subfield code="a">H dañadas, mutiladas, sueltas: H dañadas: todos los folios están dañados por las manchas de humedad. 3 H sueltas: folios 1,2 y 9</subfield></datafield><datafield tag="500" ind1=" " ind2=" "><subfield code="a">H faltan o añadidas: no se puede precisar con exactitud el total de folios que faltan. El volumen es acéfalo</subfield></datafield><datafield tag="500" ind1=" " ind2=" "><subfield code="a">Foliación: Sin foliación original. Foliación moderna a lápiz hecha por Naima Anahnah (2010)</subfield></datafield><datafield tag="500" ind1=" " ind2=" "><subfield code="a">Reclamos: Reclamos en tinta negra en el margen inferior izquierdo de los folios verso</subfield></datafield><datafield tag="500" ind1=" " ind2=" "><subfield code="a">Sign. cuad.: No</subfield></datafield><datafield tag="500" ind1=" " ind2=" "><subfield code="a">Pautado: Punta seca (casi inapreciable). -</subfield></datafield><datafield tag="500" ind1=" " ind2=" "><subfield code="a">Filigrana: Cartela horizontal cuyo interior alberga las letras “H” y “R” en mayúsculas ahuecadas y separadas por un palo de pica. Debajo de la cartela aparece una campana y encima una corona de cinco picos.</subfield></datafield><datafield tag="563" ind1=" " ind2=" "><subfield code="a">Encuadernación: Carece de encuadernación</subfield></datafield><datafield tag="541" ind1=" " ind2=" "><subfield code="a">Procedencia: Escuela de Estudios Árabes</subfield><subfield code="c">[Carlos Quirós Rodríguez]</subfield><subfield code="d">[198-?]</subfield></datafield><datafield tag="500" ind1=" " ind2=" "><subfield code="a">Signatura antigua: No</subfield></datafield><datafield tag="500" ind1=" " ind2=" "><subfield code="a">Anotaciones: No</subfield></datafield><datafield tag="510" ind1=" " ind2=" "><subfield code="a">No</subfield></datafield><datafield tag="581" ind1=" " ind2=" "><subfield code="a">Descripción: No</subfield></datafield><datafield tag="530" ind1=" " ind2=" "><subfield code="a">Otros soportes: No</subfield></datafield><datafield tag="581" ind1=" " ind2=" "><subfield code="a">Edición: No</subfield></datafield><datafield tag="520" ind1="2" ind2=" "><subfield code="a">Contenido: Al-ʽaqīda al-ṣugrà (1r-3r) [s. f.] [Incompleto y acéfalo]. - Muqaddimat al-aḥkām (3v-5v) [s. f.]. - Aqsām al-ʽālam (6r-9v) [s. f.]</subfield></datafield><datafield tag="650" ind1=" " ind2="7"><subfield code="a">Derecho islámico</subfield><subfield code="v">Manuscritos.</subfield><subfield code="2">CSICAU</subfield></datafield><datafield tag="650" ind1=" " ind2="7"><subfield code="a">Filosofía islámica</subfield><subfield code="v">Manuscritos.</subfield><subfield code="2">CSICAU</subfield></datafield><datafield tag="700" ind1="1" ind2=" "><subfield code="a">Sanūsī, Muḥammad b. Yūsuf al-</subfield><subfield code="d">(ca. 1427-ca. 1490).</subfield></datafield><datafield tag="700" ind1="1" ind2=" "><subfield code="a">Maswātī, Abū ʽAmr ʽUṯmān b. Saʽīd b. ʽAbd Allāh al-Salāyŷabī al-</subfield></datafield><datafield tag="740" ind1="0" ind2=" "><subfield code="a">Maŷmūʽat muʼallafāt fī l-fiqh wa ʽilm al-aḥkām</subfield></datafield><datafield tag="740" ind1="2" ind2=" "><subfield code="a">العقيدة الصغرى</subfield></datafield><datafield tag="740" ind1="3" ind2=" "><subfield code="a">Al-ʽaqīda al-ṣugrà</subfield></datafield><datafield tag="740" ind1="0" ind2=" "><subfield code="a">مقدّمة الأحكام</subfield></datafield><datafield tag="740" ind1="0" ind2=" "><subfield code="a">Muqaddimat al-aḥkām</subfield></datafield><datafield tag="740" ind1="0" ind2=" "><subfield code="a">أقسام العالم</subfield></datafield><datafield tag="740" ind1="0" ind2=" "><subfield code="a">Aqsām al-ʽālam</subfield></datafield><datafield tag="830" ind1=" " ind2="0"><subfield code="a">Manuscripta</subfield></datafield><datafield tag="856" ind1="4" ind2="1"><subfield code="u">http://aleph.csic.es/imagenes/mad01/0006_PMSC/P_001353267_789771_V00.pdf</subfield><subfield code="z">Descargar Pdf completo (4.3M)</subfield><subfield code="m">CSIC</subfield></datafield><datafield tag="856" ind1="4" ind2="1"><subfield code="u">http://simurg.bibliotecas.csic.es/viewer/image/CSIC001353267/1/</subfield><subfield code="z">Ver texto completo en SIMURG, el portal de fondos digitalizados del CSIC</subfield><subfield code="m">CSIC</subfield></datafield><datafield tag="856" ind1="4" ind2="1"><subfield code="u">http://aleph.csic.es/imagenes/mad01/0006_PMSC/html/001353267.html</subfield><subfield code="z">Ver texto completo en Bookreader</subfield></datafield></record></metadata></record>